<?xml version="1.0" encoding="UTF-8"?><collection xmlns="http://www.loc.gov/MARC21/slim"><record><leader>00426nam--2200133-i-4500</leader><controlfield tag="001">000018157</controlfield><controlfield tag="002">20161230</controlfield><controlfield tag="005">20161230201032</controlfield><controlfield tag="008">060222s1000------------r-----000-0-eng-d</controlfield><datafield ind1=" " ind2=" " tag="245"><subfield code="a">Economia de energie si combustibil. din literatura sovietica de specialitate</subfield></datafield><datafield ind1=" " ind2=" " tag="260"><subfield code="a">Bucuresti, Editura Tehnica, 1951. 157 P. + 2 Tabele</subfield></datafield><datafield ind1=" " ind2=" " tag="490"><subfield code="a">Biblioteca Analelor Rom.-sov.,Seria Tehnica</subfield></datafield><datafield ind1=" " ind2=" " tag="700"><subfield code="a">Livsit, B.L. /S.A.</subfield></datafield><datafield ind1=" " ind2=" " tag="852"><subfield code="a">1832</subfield></datafield></record></collection>